% Encoding: UTF8

@book{buchmann2010einfa1,
  title={Einf√ºhrung in die Kryptographie},
  author={Buchmann, J.},
  isbn={9783642111860},
  series={Springer-Lehrbuch},
  year={2010},
  publisher={Springer}
}

@ARTICLE{Rivest78amethod,
    author = {R.L. Rivest and A. Shamir and L. Adleman},
    title = {A Method for Obtaining Digital Signatures and Public-Key Cryptosystems},
    journal = {Communications of the ACM},
    year = {1978},
    volume = {21},
    pages = {120--126}
}

@ARTICLE{1057074, 
    author={Elgamal, T.}, 
    journal={Information Theory, IEEE Transactions on}, title={A public key cryptosystem and a signature scheme based on discrete logarithms}, 
    year={1985}, 
    month={jul}, 
    volume={31}, 
    number={4}, 
    pages={ 469 - 472}, 
    keywords={Digital signatures;Galois fields;Helium;Information security;Information systems;Milling machines;Public key;Public key cryptography; Cryptography; Logarithmic arithmetic;}, 
    doi={10.1109/TIT.1985.1057074}, 
    ISSN={0018-9448},
}


@techreport{LampoCDSFA79_138,
    author = {Lamport, L.},
    citeulike-article-id = {1447033},
    journal = {SRI International Computer Science Laboratory},
    keywords = {one-time, signature},
    month = oct,
    posted-at = {2007-07-10 17:52:16},
    priority = {2},
    title = {{Constructing digital signatures from a one-way function}},
    year = {1979}
}

@MISC{Goldwasser95adigital,
    author = {Shafi Goldwasser and Silvio Micali and Ronald L. Rivest},
    title = {A Digital Signature Scheme Secure Against Adaptive Chosen-Message Attacks},
    year = {1995}
}

@article{Goldwasser:1988:DSS:45474.45480,
 author = {Goldwasser, Shafi and Micali, Silvio and Rivest, Ronald L.},
 title = {A digital signature scheme secure against adaptive chosen-message attacks},
 journal = {SIAM J. Comput.},
 issue_date = {April 1988},
 volume = {17},
 number = {2},
 month = apr,
 year = {1988},
 issn = {0097-5397},
 pages = {281--308},
 numpages = {28},
 url = {http://dx.doi.org/10.1137/0217017},
 doi = {10.1137/0217017},
 acmid = {45480},
 publisher = {Society for Industrial and Applied Mathematics},
 address = {Philadelphia, PA, USA},
} 

@MISC{Itkis04forwardsecurity,
    author = {Gene Itkis},
    title = {Forward security, adaptive cryptography: Time evolution },
    year = {2004}
}

@book{bernstein2009post,
  title={Post-Quantum Cryptography},
  author={Bernstein, D.J. and Buchmann, J.},
  isbn={9783540887027},
  url={http://books.google.de/books?id=VB598lO47NAC},
  year={2009},
  publisher={Springer London, Limited}
}

@book{barrett2005ssh,
  title={SSH, The Secure Shell: The Definitive Guide},
  author={Barrett, D. and Silverman, R. and Byrnes, R.},
  isbn={9780596008956},
  lccn={2005283598},
  series={Definitive Guide Series},
  url={http://books.google.de/books?id=3XzIFG3w8-YC},
  year={2005},
  publisher={O'Reilly Media}
}

@book{beutelspacher2010moderne,
  title={Moderne Verfahren der Kryptographie: Von RSA zu Zero-Knowledge},
  author={Beutelspacher, A. and Schwenk, J. and Wolfenstetter, K.D.},
  isbn={9783834812285},
  year={2010},
  publisher={Vieweg+Teubner Verlag}
}

