% Encoding: UTF8

@ARTICLE{c-tatsp-85,
  author = {\v{C}ern\'y, V.},
  title = {Thermodynamical approach to the traveling salesman problem: An efficient
	simulation algorithm},
  journal = JOTA,
  year = {1985},
  volume = {45},
  pages = {41-51}
}

@ARTICLE{bq-ipdp-64,
  author = {Balinski, M. L. and Quandt, R. E.},
  title = {On an Integer Program for a Delivery Problem},
  journal = OR,
  year = {1964},
  volume = {12},
  pages = {300-304}
}

@ARTICLE{bg-vrptw-05,
  author = {Br\"{a}ysy, O. and Gendreau, M.},
  title = {Vehicle Routing Problem with Time Windows, Part I: Route Construction
	and Local Search Algorithms},
  journal = TSC,
  year = {2005},
  volume = {39},
  pages = {104--118},
  url = {http://portal.acm.org/citation.cfm?id=1247226.1247233}
}

@ARTICLE{lmt-eavrpst-01,
  author = {Christofides, N., Mingozzi, A. and Toth, P.},
  title = {Exact algorithms for the vehicle routing problem, based on spanning
	tree and shortest path relaxations.},
  journal = MPROG,
  year = {2001},
  volume = {20},
  pages = {255-282}
}

@ARTICLE{cw-svcd-64,
  author = {Clarke, G. and Wright, J. W.},
  title = {Scheduling of Vehicles from a Central Depot to a Number of Delivery
	Points},
  journal = OR,
  year = {1964},
  volume = {12},
  pages = {568--581},
  number = {4},
  url = {http://dx.doi.org/10.1287/opre.12.4.568}
}

@ARTICLE{cw-hvrptw-01,
  author = {Cordone, R. and Calvo, R. W.},
  title = {A Heuristic for the Vehicle Routing Problem with Time Windows},
  journal = JOHR,
  year = {2001},
  volume = {7},
  pages = {107--129},
  month = {March},
  url = {http://dl.acm.org/citation.cfm?id=594948.595055}
}

@ARTICLE{dr-tdp-59,
  author = {Dantzig, G. B. and Ramser, J. H.},
  title = {The Truck Dispatching Problem},
  journal = MSC,
  year = {1959},
  volume = {6},
  pages = {80-91},
  number = {1},
  url = {http://mansci.journal.informs.org/cgi/content/abstract/6/1/80}
}

@ARTICLE{ds-ta-90,
  author = {Dueck, G. and Scheuer, T.},
  title = {Threshold accepting: A general purpose optimization algorithm appearing
	superior to simulated annealing},
  journal = JOCP,
  year = {1990},
  volume = {90},
  pages = {161-175}
}

@ARTICLE{fj-gahvr-81,
  author = {Fisher, M.L. and Jaikumar, R.},
  title = {A generalized assignment heuristic for vehicle routing},
  journal = NW,
  year = {1981},
  volume = {11},
  pages = {109-124}
}

@ARTICLE{gm-havdp-74,
  author = {B. E. Gillett and L. R. Miller},
  title = {A Heuristic Algorithm for the Vehicle-Dispatch Problem},
  journal = OR,
  year = {1974},
  volume = {22},
  pages = {340--349}
}

@ARTICLE{l-vrpeaa-92,
  author = {Laporte, G.},
  title = {The vehicle routing problem: An overview of exact and approximate
	algorithms},
  journal = EJOOR,
  year = {1992},
  volume = {59},
  pages = {345-358},
  number = {3},
  url = {http://ideas.repec.org/a/eee/ejores/v59y1992i3p345-358.html}
}

@ARTICLE{lmn-orcdr-85,
  author = {G. Laporte and H. Mercure and Y. Nobert},
  title = {Optimal routing under capacity and distance restrictions},
  journal = OR,
  year = {1985},
  volume = {33},
  pages = {1050-1073}
}

@ARTICLE{p-savrp-88,
  author = {Paessens, H.},
  title = {The savings algorithm for the vehicle routing problem},
  journal = EJOOR,
  year = {1988},
  volume = {34},
  pages = {336-344},
  number = {3},
  url = {http://ideas.repec.org/a/eee/ejores/v34y1988i3p336-344.html}
}

@TECHREPORT{ps-sgs-96,
  author = {Prosser, P. and Shaw, P.},
  title = {Study of greedy search with multiple improvement heuristics for vehicle
	routing problems.},
  institution = USGS,
  year = {1996}
}

@ARTICLE{sssd-rrp-00,
  author = {Schrimpf, G. and Schneider, J. and Stamm-Wilbrandt, H. and Dueck,
	G.},
  title = {Record breaking optimization results using the ruin and recreate
	principle},
  journal = JOCP,
  year = {2000},
  volume = {159},
  pages = {139--171},
  url = {http://portal.acm.org/citation.cfm?id=344464.344466}
}

@ARTICLE{s-sfira-91,
  author = {R. Seidel},
  title = {A Simple and Fast Incremental Randomized Algorithm for Computing
	Trapezoidal Decompositions and for Triangulating Polygons},
  journal = CGTA,
  year = {1991},
  volume = {1},
  pages = {51--64}
}

@MISC{s-bp-05,
  author = {Solomon, M. M.},
  title = {VRPTW Benchmark Problems},
  year = {2005},
  note = {\url{http://w.cba.neu.edu/~msolomon/problems.htm}}
}

@ARTICLE{s-vrsptw-87,
  author = {Solomon, M. M.},
  title = {Algorithms for the vehicle routing and scheduling problems with time
	window constraints},
  journal = OR,
  year = {1987},
  volume = {35},
  pages = {254--265},
  url = {http://portal.acm.org/citation.cfm?id=41439.41448}
}

@MISC{s-os-07,
  author = {Spoorendonk, S.},
  title = {Optimal Solutions for Solomon problems},
  year = {2007},
  note = {\url{http://www.diku.dk/hjemmesider/ansatte/spooren/solomon/r1r2solu.htm}}
}

@article {NET:NET3230160104,
  author = {Laporte, Gilbert and Mercure, H\'{e}l\`{e}ne and Nobert, Yves},
  title = {An exact algorithm for the asymmetrical capacitated vehicle routing problem},
  journal = NW,
  volume = {16},
  number = {1},
  publisher = {Wiley Subscription Services, Inc., A Wiley Company},
  issn = {1097-0037},
  url = {http://dx.doi.org/10.1002/net.3230160104},
  doi = {10.1002/net.3230160104},
  pages = {33--46},
  year = {1986},
}

@ARTICLE{Kirkpatrick83optimizationby,
  author = {S. Kirkpatrick and C. D. Gelatt and M. P. Vecchi},
  title = {Optimization by simulated annealing},
  journal = SC,
  year = {1983},
  volume = {220},
  pages = {671--680}
}


@ARTICLE{tourpla-12,
  author = {Bernhard Haeussner},
  title = {Tourenplanung mit Zeitfenstern f\"{u}r mehrere Fahrzeuge},
  journal = {Institut f\"{u}r Informatik der Universit\"{a}t W\"{u}rzburg},
  year = {2012},
  volume = {1},
  pages = {1--10}
}
