% -*- bibtex -*-
% abbreviations.bib

% publishers and series

@String{LNCS = {Lecture Notes Comput. Sci.}}
@String{ENDM = {Electr. Notes Discrete Math.}}
@String{SV   = {Springer-Verlag}}
@String{TF   = {Taylor \& Francis}}
% Conferences in Research and Practice in Information Technology
@String{CRPIT= {CRPIT}}
@String{ACS  = {Australian Comput. Soc.}}

% journals

@String{JOTA  = {Journal of Optimization Theory and Applications}}
@String{OR  = {Operations Research}}
@String{SC  = {Science}}
@String{NW  = {Networks}}
@String{TSC  = {Transportation Science}}
@String{MPROG  = {Mathematical Programming.}}
@String{JOHR  = {Journal of Heuristics}}
@String{MSC  = {Management Science}}
@String{JOCP  = {Journal of Computational Physics}}
@String{EJOOR  = {European Journal of Operational Research}}
@String{CGTA  = {Comput. Geom. Theory Appl}}


% institutions

@String{USGS   = {University of Strathclyde, Glasgow, Scotland}}

% EOF
